@article {FFE:FFE452,
author = {Morel, F},
title = {A FATIGUE LIFE PREDICTION METHOD BASED ON A MESOSCOPIC APPROACH IN CONSTANT AMPLITUDE MULTIAXIAL LOADING},
journal = {Fatigue and Fracture of Engineering Materials and Structures},
volume = {21},
number = {3},
publisher = {Blackwell Science Ltd.},
issn = {1460-2695},
url = {http://dx.doi.org/10.1046/j.1460-2695.1998.00452.x},
doi = {10.1046/j.1460-2695.1998.00452.x},
pages = {241--256},
keywords = {High cycle fatigue, Multiaxial loading, Cyclic loading, Fatigue life prediction},
year = {1998},
}
@article{Morel2000101,
	title = "A critical plane approach for life prediction of high cycle fatigue under multiaxial variable amplitude loading ",
	journal = "International Journal of Fatigue ",
	volume = "22",
	number = "2",
	pages = "101 - 119",
	year = "2000",
	note = "",
	issn = "0142-1123",
	doi = "http://dx.doi.org/10.1016/S0142-1123(99)00118-8",
	url = "http://www.sciencedirect.com/science/article/pii/S0142112399001188",
	author = "F. Morel",
	keywords = "High cycle fatigue",
	keywords = "Multiaxial fatigue",
	keywords = "Life prediction",
	keywords = "Variable amplitude loading "
}