\@article{Maitournam2011232,
	title = "A multiscale fatigue life model for complex cyclic multiaxial loading ",
	journal = "International Journal of Fatigue ",
	volume = "33",
	number = "2",
	pages = "232 - 240",
	year = "2011",
	note = "",
	issn = "0142-1123",
	doi = "http://dx.doi.org/10.1016/j.ijfatigue.2010.08.017",
	url = "http://www.sciencedirect.com/science/article/pii/S0142112310001933",
	author = "M.H. Maitournam and C. Krebs and A. Galtier",
	keywords = "High-cycle fatigue",
	keywords = "Finite life model",
	keywords = "Multiscale approach",
	keywords = "Stabilized cycle",
	keywords = "Shakedown "
}

@thesis{zepeng,
	author = {Ma Zepeng},
	title = {Structures under multiaxial fatigue taking consideration of gradients of the constraints with time and space variation},
	type = {thesis},
	institution = {LMS, Ecole Polytehcnique},
	date = {2017},
	}

@book{lemaitre1990mechanics,
		title={Mechanics of solid materials},
		author={Lemaitre, Jean and Chaboche, Jean-Louis},
		year={1990},
		publisher={Cambridge university press}
	}

@article{Bosia201239,
	title = "Fast time-scale average for a mesoscopic high cycle fatigue criterion ",
	journal = "International Journal of Fatigue ",
	volume = "45",
	number = "",
	pages = "39 - 47",
	year = "2012",
	note = "",
	issn = "0142-1123",
	doi = "http://dx.doi.org/10.1016/j.ijfatigue.2012.06.015",
	url = "http://www.sciencedirect.com/science/article/pii/S0142112312002162",
	author = "Stefano Bosia and Andrei Constantinescu",
	keywords = "Multi-axial fatigue",
	keywords = "Dang Van fatigue criterion",
	keywords = "High-cycle fatigue",
	keywords = "Dynamical systems",
	keywords = "Fasttime scale average "
}

@misc{legendre,
	title = {{Legendre Gauss Quadrature weights and nodes} },
	howpublished = {\url{https://www.mathworks.com/matlabcentral/fileexchange/4540-legendre-gauss-quadrature-weights-and-nodes}},
	note = {Accessed: 2004-05-11}
}
